<record><leader>00000cas a2200000 a 4500</leader><controlfield tag="001">11942454</controlfield><controlfield tag="008">850419d18811903ksuwr ne      0    0eng d</controlfield><datafield ind1=" " ind2=" " tag="010"><subfield code="a">sn 85029989 </subfield></datafield><datafield ind1=" " ind2=" " tag="040"><subfield code="a">KSH</subfield><subfield code="b">eng</subfield><subfield code="c">KSH</subfield><subfield code="d">NPT</subfield><subfield code="d">OCL</subfield><subfield code="d">OCLCQ</subfield></datafield><datafield ind1=" " ind2=" " tag="042"><subfield code="a">msc</subfield></datafield><datafield ind1="0" ind2="4" tag="245"><subfield code="a">The Kansas patron.</subfield></datafield><datafield ind1="1" ind2="3" tag="246"><subfield code="a">Kansas patron and co-operator</subfield><subfield code="f">Mar. 5-Nov. 5, 1903</subfield></datafield><datafield ind1=" " ind2=" " tag="260"><subfield code="a">Olathe, Kan. :</subfield><subfield code="b">Johnson County Pub. Association,</subfield><subfield code="c">1881-</subfield></datafield><datafield ind1=" " ind2=" " tag="300"><subfield code="a">v. :</subfield><subfield code="b">ill. ;</subfield><subfield code="c">50-65 cm.</subfield></datafield><datafield ind1=" " ind2=" " tag="310"><subfield code="a">Weekly</subfield></datafield><datafield ind1="0" ind2=" " tag="362"><subfield code="a">Vol. 3, no. 50 (Aug. 25, 1881)-</subfield></datafield><datafield ind1="1" ind2=" " tag="362"><subfield code="a">Ceased with Nov. 5, 1903 issue?</subfield></datafield><datafield ind1=" " ind2=" " tag="500"><subfield code="a">Published by: Johnson County Pub. Co., Apr. 25, 1883-Feb. 14, 1884; Johnson County Co-operative Association, Feb. 21, 1884-</subfield></datafield><datafield ind1=" " ind2=" " tag="521"><subfield code="a">"Devoted to the interests of the Grange and the Patrons' fire and tornado association of Kansas," Mar. 5, 1903-</subfield></datafield><datafield ind1=" " ind2=" " tag="550"><subfield code="a">"Official paper of the Kansas State Grange P. of H."</subfield></datafield><datafield ind1=" " ind2=" " tag="752"><subfield code="a">United States</subfield><subfield code="b">Kansas</subfield><subfield code="c">Johnson</subfield><subfield code="d">Olathe.</subfield></datafield><datafield ind1="0" ind2="0" tag="780"><subfield code="t">Kansas patron and farmer</subfield><subfield code="w">(DLC)sn 85029958</subfield></datafield></record>